<?xml version="1.0" encoding="UTF-8"?><record xmlns="http://www.loc.gov/MARC21/slim" xmlns:cinclude="http://apache.org/cocoon/include/1.0" xmlns:zs="http://www.loc.gov/zing/srw/">
  <leader>00404nz  a2200121n  4500</leader>
  <controlfield tag="001">n  87126307 </controlfield>
  <controlfield tag="003">DLC</controlfield>
  <controlfield tag="005">19870910071245.9</controlfield>
  <controlfield tag="008">870910n| acannaab|          |n aad |||  </controlfield>
  <datafield tag="010" ind1=" " ind2=" ">
    <subfield code="a">n  87126307 </subfield>
  </datafield>
  <datafield tag="040" ind1=" " ind2=" ">
    <subfield code="a">DLC</subfield>
    <subfield code="c">DLC</subfield>
  </datafield>
  <datafield tag="100" ind1="1" ind2="0">
    <subfield code="a">Miller, Joseph Thomas,</subfield>
    <subfield code="d">1942-</subfield>
  </datafield>
  <datafield tag="670" ind1=" " ind2=" ">
    <subfield code="a">nuc87-91335: His The politics of Chinese Trotskyism, 1979</subfield>
    <subfield code="b">(hdg. on ICU rept.: Miller, Joseph Thomas, 1942- ; usage: Joseph Thomas Miller)</subfield>
  </datafield>
</record>